<record xmlns="http://www.loc.gov/MARC21/slim"><leader>01148nam a2200277   4500</leader><controlfield tag="001">99263190402042</controlfield><controlfield tag="005">20200612151122.0</controlfield><controlfield tag="008">760617s1614    stk           00010 late </controlfield><datafield ind1=" " ind2=" " tag="010"><subfield code="a">   04005707</subfield></datafield><datafield ind1=" " ind2=" " tag="035"><subfield code="a">403568-01okla_normanlaw</subfield></datafield><datafield ind1=" " ind2=" " tag="035"><subfield code="a">(SIRSI)403568</subfield></datafield><datafield ind1=" " ind2=" " tag="035"><subfield code="a">(Sirsi) o02234454</subfield></datafield><datafield ind1=" " ind2=" " tag="035"><subfield code="a">(OCoLC)2234454</subfield></datafield><datafield ind1=" " ind2=" " tag="040"><subfield code="a">DLC</subfield><subfield code="c">AZU</subfield><subfield code="d">AZU</subfield><subfield code="d">OKU</subfield></datafield><datafield ind1=" " ind2=" " tag="049"><subfield code="a">OKUV</subfield></datafield><datafield ind1="0" ind2="4" tag="082"><subfield code="a">510.8</subfield><subfield code="b">N16m</subfield></datafield><datafield ind1="1" ind2=" " tag="100"><subfield code="a">Napier, John,</subfield><subfield code="d">1550-1617.</subfield></datafield><datafield ind1="1" ind2="0" tag="245"><subfield code="a">Mirifici logarithmorum canonis descriptio, ejusque usus, in utraque trigonometria; ut etiam in omni logistica mathematica, amplissimi, facillimi, &amp; expeditissimi explicatio.</subfield><subfield code="c">Authore ac inventore, Ioanne Nepero, barone Merchistonii &amp;c. Scoto.</subfield></datafield><datafield ind1=" " ind2=" " tag="260"><subfield code="a">Edinbvrgi,</subfield><subfield code="b">Ex officina A. Hart,</subfield><subfield code="c">1614.</subfield></datafield><datafield ind1=" " ind2=" " tag="300"><subfield code="a">4 p. ., 57, [91] p.</subfield><subfield code="b">tables, diagrs.</subfield><subfield code="c">20 x 16 cm.</subfield></datafield><datafield ind1=" " ind2=" " tag="500"><subfield code="a">Title within ornamental border.</subfield></datafield><datafield ind1=" " ind2=" " tag="590"><subfield code="a">In case.</subfield></datafield><datafield ind1=" " ind2="0" tag="650"><subfield code="a">Logarithms</subfield><subfield code="x">Early works to 1800.</subfield></datafield><datafield ind1=" " ind2="0" tag="650"><subfield code="a">Trigonometry</subfield><subfield code="v">Early works to 1800.</subfield></datafield><datafield ind1=" " ind2=" " tag="948"><subfield code="a">7/31/1989</subfield><subfield code="b">1/26/1985</subfield><subfield code="c">1/26/1985</subfield></datafield><datafield ind1=" " ind2=" " tag="999"><subfield code="a">History of Science</subfield><subfield code="w">HS</subfield><subfield code="c">1</subfield><subfield code="i">403568-1001</subfield><subfield code="l">VAULT</subfield><subfield code="m">HISTSCI</subfield><subfield code="r">N</subfield><subfield code="s">Y</subfield><subfield code="t">GENCOLL</subfield><subfield code="u">5/30/1999</subfield><subfield code="x">BOOK</subfield><subfield code="o">.PUBLIC. o/Author</subfield></datafield></record>